@article{bongers2016,
  title={Theoretical aspects of cyclic structural causal models},
  author={Bongers, Stephan and Peters, Jonas and Sch{\"o}lkopf, Bernhard and Mooij, Joris M},
  journal={arXiv preprint arXiv:1611.06221},
  year={2016}
}

@article{bongers2022,
  title={Causal modeling \& dynamical systems: A new perspective on feedback},
  author={Bongers, SR and others},
  year={2022}
}

@article{Borsboom2017,
  doi = {10.1002/wps.20375},
  url = {https://doi.org/10.1002/wps.20375},
  year = {2017},
  month = jan,
  publisher = {Wiley},
  volume = {16},
  number = {1},
  pages = {5--13},
  author = {Denny Borsboom},
  title = {A network theory of mental disorders},
  journal = {World Psychiatry}
}

@article{constantin2022,
  doi = {10.17605/OSF.IO/ZKAXU},
  url = {https://doi.org/10.17605/OSF.IO/ZKAXU},
  year = {2022},
  month = april,
  author = {Mihai Constantin and Ang{\'{e}}lique O. J. Cramer},
  title = {Sample Size Recommendations for Estimating Cross-Sectional Network Models},
  journal = {OSF}
}

@article{Cramer2010,
  doi = {10.1017/s0140525x09991567},
  url = {https://doi.org/10.1017/s0140525x09991567},
  year = {2010},
  month = jun,
  publisher = {Cambridge University Press ({CUP})},
  volume = {33},
  number = {2-3},
  pages = {137--150},
  author = {Ang{\'{e}}lique O. J. Cramer and Lourens J. Waldorp and Han L. J. van der Maas and Denny Borsboom},
  title = {Comorbidity: A network perspective},
  journal = {Behavioral and Brain Sciences}
}

@book{GlymourCooper1999,
address = {Cambridge, Massachusetts},
author = {Clark N. Glymour, Gregory F.Cooper},
booktitle = {Computation, causation, and discovery},
isbn = {0-262-31582-3},
keywords = {Causation},
language = {eng},
publisher = {AAAI Press},
title = {Computation, causation, and discovery },
year = {1999},
}

@misc{Hyttinen2012,
  doi = {10.48550/ARXIV.1205.2641},
  url = {https://arxiv.org/abs/1205.2641},
  author = {Hoyer,  Patrik O. and Hyttinen,  Antti},
  keywords = {Machine Learning (stat.ML),  Machine Learning (cs.LG),  Methodology (stat.ME),  FOS: Computer and information sciences,  FOS: Computer and information sciences},
  title = {Bayesian Discovery of Linear Acyclic Causal Models},
  publisher = {arXiv},
  year = {2012},
  copyright = {arXiv.org perpetual,  non-exclusive license}
}

@article{hoyer2012causal,
  title={Causal discovery of linear acyclic models with arbitrary distributions},
  author={Hoyer, Patrik O and Hyvarinen, Aapo and Scheines, Richard and Spirtes, Peter L and Ramsey, Joseph and Lacerda, Gustavo and Shimizu, Shohei},
  journal={arXiv preprint arXiv:1206.3260},
  year={2012}
}


@article{Kinderman2009,
author = {Peter Kinderman},
title = {A Psychological Model of Mental Disorder},
journal = {Harvard Review of Psychiatry},
volume = {13},
number = {4},
pages = {206-217},
year  = {2005},
publisher = {Taylor & Francis},
doi = {10.1080/10673220500243349},
    note ={PMID: 16126607},
URL = { https://www.tandfonline.com/doi/abs/10.1080/10673220500243349},
eprint = { https://www.tandfonline.com/doi/pdf/10.1080/10673220500243349}
}

@article{Kossakowski2019,
  doi = {https://doi.org/10.31234/osf.io/ed2v5},
  title={Introducing the Causal Graph Approach to Psychopathology: An Illustration in Patients with Obsessive-Compulsive Disorder},
  author={Kossakowski, Jolanda and Oudheusden, Lucas JB and McNally, Richard J and Riemann, Bradley C and Waldorp, Lourens and van der Maas, Han LJ},
  year={2019},
  publisher={PsyArXiv}
}

@inproceedings{mooij2020,
  title={Constraint-based causal discovery using partial ancestral graphs in the presence of cycles},
  author={Mooij, Joris M and Claassen, Tom},
  booktitle={Conference on Uncertainty in Artificial Intelligence},
  pages={1159--1168},
  year={2020},
  organization={PMLR}
}

@article{Mooij2013cyclic,
  doi = {https://doi.org/10.48550/arXiv.1309.6849},
  title={Cyclic causal discovery from continuous equilibrium data},
  author={Mooij, Joris and Heskes, Tom},
  journal={arXiv preprint arXiv:1309.6849},
  year={2013}
}


@book{pearl2009,
author = {Pearl, Judea},
title = {Causality: Models, Reasoning and Inference},
year = {2009},
isbn = {052189560X},
publisher = {Cambridge University Press},
address = {USA},
edition = {2nd}
}

@book{PearlMackenzie2018,
  added-at = {2018-09-17T16:24:20.000+0200},
  address = {New York},
  author = {Pearl, Judea and Mackenzie, Dana},
  biburl = {https://www.bibsonomy.org/bibtex/212360928cada467ce0f3bfa5e511752d/flint63},
  file = {2018/PearlMackenzie18.pdf},
  interhash = {dc0eae388b44d13b931962ebc07f5914},
  intrahash = {12360928cada467ce0f3bfa5e511752d},
  isbn = {978-0-465-09760-9},
  isbn10 = {046509760X},
  keywords = {01941 103 ai algorithm book knowledge numerical processing science theory},
  language = {american},
  publisher = {Basic Books},
  related = {Pearl09},
  shop = {https://www.basicbooks.com/titles/judea-pearl/the-book-of-why/9780465097616/},
  sortdate = {2018-06-01},
  subtitle = {The New Science of Cause and Effect},
  timestamp = {2018-09-17T16:24:20.000+0200},
  title = {The Book of Why},
  year = {2018}
}



@book{Peters2017,
  title={Elements of causal inference: foundations and learning algorithms},
  author={Peters, Jonas and Janzing, Dominik and Sch{\"o}lkopf, Bernhard},
  year={2017},
  publisher={The MIT Press}
}


@article{Peters2012,
  doi = {10.48550/ARXIV.1202.3757},
  url = {https://arxiv.org/abs/1202.3757},
  author = {Peters, Jonas and Mooij, Joris and Janzing, Dominik and Schoelkopf, Bernhard},
  title = {Identifiability of Causal Graphs using Functional Models},
  publisher = {arXiv},
  year = {2012},
  copyright = {arXiv.org perpetual, non-exclusive license}
}


@phdthesis{Ryan2020,
  doi = {https://doi.org/10.33540/258},
  title={Dynamic Systems and Causal Structures in Psychology: Connecting Data and Theory},
  author={Ryan, Ois{\'\i}n},
  year={2020},
  school={Utrecht University}
}


@article{Sacha2018,
author = {Sacha Epskamp and Lourens J. Waldorp and René Mõttus and Denny Borsboom},
title = {The Gaussian Graphical Model in Cross-Sectional and Time-Series Data},
journal = {Multivariate Behavioral Research},
volume = {53},
number = {4},
pages = {453-480},
year  = {2018},
publisher = {Routledge},
doi = {10.1080/00273171.2018.1454823},
    note ={PMID: 29658809},
URL = { 
        https://doi.org/10.1080/00273171.2018.1454823},
eprint = { 
        https://doi.org/10.1080/00273171.2018.1454823}}



@article{wittenborn2016, title={Depression as a systemic syndrome: mapping the feedback loops of major depressive disorder}, volume={46}, DOI={10.1017/S0033291715002044}, number={3}, journal={Psychological Medicine}, publisher={Cambridge University Press}, author={Wittenborn, A. K. and Rahmandad, H. and Rick, J. and Hosseinichimeh, N.}, year={2016}, pages={551–562}}
